% This file was created with JabRef 2.9.2.
% Encoding: UTF-8

@BOOK{booch,
  title = {Паттерны проектирования},
  publisher = {O'Reilly},
  year = {2012},
  editor = {Вася Пупкин},
  author = {Гради Буч},
  owner = {budnyjj},
  timestamp = {2014.03.13},
  language = {russian}
}

